@article{kwon1997ordinal,
  title={Ordinal pairwise partitioning (OPP) approach to neural networks training in bond rating},
  author={Kwon, Young S and Han, Ingoo and Lee, Kun Chang},
  journal={International journal of intelligent systems in accounting finance and management},
  volume={6},
  pages={23--40},
  year={1997},
  publisher={JOHN WILEY \& SONS LTD.}
}

@article{kim2012corporate,
  title={A corporate credit rating model using multi-class support vector machines with an ordinal pairwise partitioning approach},
  author={Kim, Kyoung-jae and Ahn, Hyunchul},
  journal={Computers \& Operations Research},
  volume={39},
  number={8},
  pages={1800--1811},
  year={2012},
  publisher={Elsevier}
}

@article{dikkers2005support,
  title={Support vector machines in ordinal classification: An application to corporate credit scoring},
  author={Dikkers, Harmen and Rothkrantz, Leon},
  journal={Neural Network World},
  volume={15},
  number={6},
  pages={491},
  year={2005},
  publisher={Institute of Computer Science}
}

@article{fernandez2013addressing,
  title={Addressing the EU sovereign ratings using an ordinal regression approach},
  author={Fernandez-Navarro, Francisco and Campoy-Munoz, Pilar and la Paz-Marin, Monica-de and Hervas-Martinez, Casar and Yao, Xin},
  journal={Cybernetics, IEEE Transactions on},
  volume={43},
  number={6},
  pages={2228--2240},
  year={2013},
  publisher={IEEE}
}

@article{bender1997ordinal,
  title={Ordinal logistic regression in medical research},
  author={Bender, Ralf and Grouven, Ulrich},
  journal={Journal of the Royal College of Physicians of London},
  volume={31},
  number={5},
  pages={546--551},
  year={1997},
  publisher={London: Pitman Medical Pub., c1966-c2000.}
}

@article{bender1998using,
  title={Using binary logistic regression models for ordinal data with non-proportional odds},
  author={Bender, Ralf and Grouven, Ulrich},
  journal={Journal of clinical epidemiology},
  volume={51},
  number={10},
  pages={809--816},
  year={1998},
  publisher={Elsevier}
}

@article{jang2011effect,
  title={Effect of repeated public releases on cesarean section rates},
  author={Jang, Won Mo and Eun, Sang Jun and Lee, Chae-Eun and Kim, Yoon},
  journal={J Prev Med Public Health},
  volume={44},
  number={1},
  pages={2--8},
  year={2011}
}

@article{doyle2014predicting,
  title={Predicting progression of Alzheimer’s disease using ordinal regression},
  author={Doyle, Orla M and Westman, Eric and Marquand, Andre F and Mecocci, Patrizia and Vellas, Bruno and Tsolaki, Magda and K{\l}oszewska, Iwona and Soininen, Hilkka and Lovestone, Simon and Williams, Steve CR and others},
  journal={PloS one},
  volume={9},
  number={8},
  pages={e105542},
  year={2014},
  publisher={Public Library of Science}
}

@inproceedings{perez2011ordinal,
  title={Ordinal classification of depression spatial hot-spots of prevalence},
  author={P{\'e}rez-Ortiz, M and Guti{\'e}rrez, Pedro Antonio and Garcia-Alonso, C and Salvador-Carulla, Luis and Salinas-Perez, Jose Alberto and Herv{\'a}s-Mart{\'\i}nez, C{\'e}sar},
  booktitle={Intelligent Systems Design and Applications (ISDA), 2011 11th International Conference on},
  pages={1170--1175},
  year={2011},
  organization={IEEE}
}

@article{cardoso2005modelling,
  title={Modelling ordinal relations with SVMs: An application to objective aesthetic evaluation of breast cancer conservative treatment},
  author={Cardoso, Jaime S and da Costa, Joaquim F Pinto and Cardoso, Maria J},
  journal={Neural Networks},
  volume={18},
  number={5},
  pages={808--817},
  year={2005},
  publisher={Elsevier}
}

@article{perez2014organ,
  title={An organ allocation system for liver transplantation based on ordinal regression},
  author={P{\'e}rez-Ortiz, M and Cruz-Ram{\'\i}rez, Manuel and Ayllon-Ter{\'a}n, MD and Heaton, N and Ciria, R and Herv{\'a}s-Mart{\'\i}nez, C{\'e}sar},
  journal={Applied Soft Computing},
  volume={14},
  pages={88--98},
  year={2014},
  publisher={Elsevier}
}

@inproceedings{wu2015evolutionary,
  title={Evolutionary semi-supervised ordinal regression using weighted kernel Fisher discriminant analysis},
  author={Wu, Yuzhou and Sun, Yu and Liang, Xinle and Tang, Ke and Cai, Zixing},
  booktitle={Evolutionary Computation (CEC), 2015 IEEE Congress on},
  pages={3279--3286},
  year={2015},
  organization={IEEE}
}

@article{torra2006regression,
  title={Regression for ordinal variables without underlying continuous variables},
  author={Torra, Vicen{\c{c}} and Domingo-Ferrer, Josep and Mateo-Sanz, Josep M and Ng, Michael},
  journal={Information Sciences},
  volume={176},
  number={4},
  pages={465--474},
  year={2006},
  publisher={Elsevier}
}

@book{bishop2006pattern,
  title={Pattern Recognition and Machine Learning},
  author={Bishop, Christopher M},
  year={2006},
  publisher={Springer}
}

@book{murphy2012machine,
  title={Machine learning: a probabilistic perspective},
  author={Murphy, Kevin P},
  year={2012},
  publisher={MIT press}
}

@article{kramer2001prediction,
  title={Prediction of ordinal classes using regression trees},
  author={Kramer, Stefan and Widmer, Gerhard and Pfahringer, Bernhard and De Groeve, Michael},
  journal={Fundamenta Informaticae},
  volume={47},
  number={1-2},
  pages={1--13},
  year={2001},
  publisher={IOS Press}
}

@incollection{kotsiantis2004cost,
  title={A cost sensitive technique for ordinal classification problems},
  author={Kotsiantis, Sotiris B and Pintelas, Panagiotis E},
  booktitle={Methods and applications of artificial intelligence},
  pages={220--229},
  year={2004},
  publisher={Springer}
}

@article{lin2012reduction,
  title={Reduction from cost-sensitive ordinal ranking to weighted binary classification},
  author={Lin, Hsuan-Tien and Li, Ling},
  journal={Neural Computation},
  volume={24},
  number={5},
  pages={1329--1367},
  year={2012},
  publisher={MIT Press}
}

@book{frank2001simple,
  title={A simple approach to ordinal classification},
  author={Frank, Eibe and Hall, Mark},
  year={2001},
  publisher={Springer}
}

@inproceedings{li2006ordinal,
  title={Ordinal regression by extended binary classification},
  author={Li, Ling and Lin, Hsuan-Tien},
  booktitle={Advances in neural information processing systems},
  pages={865--872},
  year={2006}
}

@article{cardoso2007learning,
  title={Learning to Classify Ordinal Data: The Data Replication Method.},
  author={Cardoso, Jaime S and Da Costa, Joaquim F Pinto},
  journal={Journal of Machine Learning Research},
  volume={8},
  number={1393-1429},
  pages={6},
  year={2007}
}

@article{cortes1995support,
  title={Support vector machine},
  author={Cortes, Corinna and Vapnik, Vladimir},
  journal={Machine learning},
  volume={20},
  number={3},
  pages={273--297},
  year={1995}
}

@inproceedings{herbrich1999support,
  title={Support vector learning for ordinal regression},
  author={Herbrich, Ralf and Graepel, Thore and Obermayer, Klaus},
  booktitle={Artificial Neural Networks, 1999. ICANN 99. Ninth International Conference on (Conf. Publ. No. 470)},
  volume={1},
  pages={97--102},
  year={1999},
  organization={IET}
}

@article{herbrich1999large,
  title={Large margin rank boundaries for ordinal regression},
  author={Herbrich, Ralf and Graepel, Thore and Obermayer, Klaus},
  journal={Advances in neural information processing systems},
  pages={115--132},
  year={1999},
  publisher={MIT; 1998}
}

@inproceedings{shashua2002ranking,
  title={Ranking with large margin principle: Two approaches},
  author={Shashua, Amnon and Levin, Anat},
  booktitle={Advances in neural information processing systems},
  pages={937--944},
  year={2002}
}

@article{chu2007support,
  title={Support vector ordinal regression},
  author={Chu, Wei and Keerthi, S Sathiya},
  journal={Neural computation},
  volume={19},
  number={3},
  pages={792--815},
  year={2007},
  publisher={MIT Press}
}

@inproceedings{chu2005new,
  title={New approaches to support vector ordinal regression},
  author={Chu, Wei and Keerthi, S Sathiya},
  booktitle={Proceedings of the 22nd international conference on Machine learning},
  pages={145--152},
  year={2005},
  organization={ACM}
}

@article{scholkopft1999fisher,
  title={Fisher discriminant analysis with kernels},
  author={Scholkopft, Bernhard and Mullert, Klaus-Robert},
  journal={Neural networks for signal processing IX},
  volume={1},
  number={1},
  pages={1},
  year={1999}
}

@article{sun2010kernel,
  title={Kernel discriminant learning for ordinal regression},
  author={Sun, Bing-Yu and Li, Jiuyong and Wu, Desheng Dash and Zhang, Xiao-Ming and Li, Wen-Bo},
  journal={Knowledge and Data Engineering, IEEE Transactions on},
  volume={22},
  number={6},
  pages={906--910},
  year={2010},
  publisher={IEEE}
}

@inproceedings{chu2005gaussian,
  title={Gaussian processes for ordinal regression},
  author={Chu, Wei and Ghahramani, Zoubin},
  booktitle={Journal of Machine Learning Research},
  pages={1019--1041},
  year={2005}
}

@article{rasmussen2006gaussian,
  title={Gaussian processes for machine learning},
  author={Rasmussen, Carl Edward},
  year={2006},
  publisher={Citeseer}
}

@inproceedings{cheng2008neural,
  title={A neural network approach to ordinal regression},
  author={Cheng, Jianlin and Wang, Zheng and Pollastri, Gianluca},
  booktitle={Neural Networks, 2008. IJCNN 2008.(IEEE World Congress on Computational Intelligence). IEEE International Joint Conference on},
  pages={1279--1284},
  year={2008},
  organization={IEEE}
}

@article{fernandez2013negative,
  title={Negative correlation ensemble learning for ordinal regression},
  author={Fernandez-Navarro, Francisco and Guti{\'e}rrez, Pedro Antonio and Hervas-Martinez, Casar and Yao, Xin},
  journal={Neural Networks and Learning Systems, IEEE Transactions on},
  volume={24},
  number={11},
  pages={1836--1849},
  year={2013},
  publisher={IEEE}
}

@article{jain1996artificial,
  title={Artificial neural networks: A tutorial},
  author={Jain, Anil K and Mao, Jianchang and Mohiuddin, KM},
  journal={Computer},
  number={3},
  pages={31--44},
  year={1996},
  publisher={IEEE}
}

@article{deng2010ordinal,
  title={Ordinal extreme learning machine},
  author={Deng, Wan-Yu and Zheng, Qing-Hua and Lian, Shiguo and Chen, Lin and Wang, Xin},
  journal={Neurocomputing},
  volume={74},
  number={1},
  pages={447--456},
  year={2010},
  publisher={Elsevier}
}

@article{huang2006extreme,
  title={Extreme learning machine: theory and applications},
  author={Huang, Guang-Bin and Zhu, Qin-Yu and Siew, Chee-Kheong},
  journal={Neurocomputing},
  volume={70},
  number={1},
  pages={489--501},
  year={2006},
  publisher={Elsevier}
}

@article{seah2012transductive,
  title={Transductive ordinal regression},
  author={Seah, Chun-Wei and Tsang, Ivor W and Ong, Yew-Soon},
  journal={Neural Networks and Learning Systems, IEEE Transactions on},
  volume={23},
  number={7},
  pages={1074--1086},
  year={2012},
  publisher={IEEE}
}

@inproceedings{joachims1999transductive,
  title={Transductive inference for text classification using support vector machines},
  author={Joachims, Thorsten},
  booktitle={ICML},
  volume={99},
  pages={200--209},
  year={1999}
}

@inproceedings{liu2011semi,
  title={Semi-supervised manifold ordinal regression for image ranking},
  author={Liu, Yang and Liu, Yan and Zhong, Shenghua and Chan, Keith CC},
  booktitle={Proceedings of the 19th ACM international conference on Multimedia},
  pages={1393--1396},
  year={2011},
  organization={ACM}
}

@incollection{srijith2013semi,
  title={Semi-supervised gaussian process ordinal regression},
  author={Srijith, PK and Shevade, Shirish and Sundararajan, S},
  booktitle={Machine Learning and Knowledge Discovery in Databases},
  pages={144--159},
  year={2013},
  publisher={Springer}
}

@incollection{dorado2012ordinal,
  title={Ordinal classification using hybrid artificial neural networks with projection and kernel basis functions},
  author={Dorado-Moreno, Manuel and Guti{\'e}rrez, Pedro Antonio and Herv{\'a}s-Mart{\'\i}nez, C{\'e}sar},
  booktitle={Hybrid Artificial Intelligent Systems},
  pages={319--330},
  year={2012},
  publisher={Springer}
}

@article{cruz2014metrics,
  title={Metrics to guide a multi-objective evolutionary algorithm for ordinal classification},
  author={Cruz-Ram{\'\i}rez, Manuel and Herv{\'a}s-Mart{\'\i}nez, C{\'e}sar and S{\'a}nchez-Monedero, Javier and Guti{\'e}rrez, Pedro Antonio},
  journal={Neurocomputing},
  volume={135},
  pages={21--31},
  year={2014},
  publisher={Elsevier}
}

@incollection{cruz2013multiobjective,
  title={Multiobjective Pareto ordinal classification for predictive microbiology},
  author={Cruz-Ram{\'\i}rez, Manuel and Fern{\'a}ndez, JC and Valero, A and Guti{\'e}rrez, Pedro Antonio and Herv{\'a}s-Mart{\'\i}nez, C{\'e}sar},
  booktitle={Soft Computing Models in Industrial and Environmental Applications},
  pages={153--162},
  year={2013},
  publisher={Springer}
}

@inproceedings{becerra2012evolutionary,
  title={Evolutionary extreme learning machine for ordinal regression},
  author={Becerra-Alonso, David and Carbonero-Ruz, Mariano and Mart{\'\i}nez-Estudillo, Francisco Jos{\'e} and Mart{\'\i}nez-Estudillo, Alfonso Carlos},
  booktitle={Neural Information Processing},
  pages={217--227},
  year={2012},
  organization={Springer}
}

@incollection{sanchez2013evolutionary,
  title={Evolutionary ordinal extreme learning machine},
  author={S{\'a}nchez-Monedero, Javier and Guti{\'e}rrez, Pedro Antonio and Herv{\'a}s-Mart{\'\i}nez, Cesar},
  booktitle={Hybrid Artificial Intelligent Systems},
  pages={500--509},
  year={2013},
  publisher={Springer}
}

@book{deb2001multi,
  title={Multi-objective optimization using evolutionary algorithms},
  author={Deb, Kalyanmoy},
  volume={16},
  year={2001},
  publisher={John Wiley \& Sons}
}

@book{chapelle2006semi,
  title={Semi-Supervised Learning},
  author={Chapelle, Olivier and Sch{\"o}lkopf, Bernhard and Zien, Alexander},
  year={2006},
  publisher={MIT Press Cambridge}
}

@techreport{zhu2005semi,
  title={Semi-Supervised Learning Literature Survey},
  author={Zhu, Xiaojin},
  year={2006},
  institution={Technical Report 1530, Department of Computer Sciences, University of Wisconsin, Madison}
}

@incollection{zhou2004learning,
title = {Learning with Local and Global Consistency},
author = {Zhou, Dengyong and Olivier Bousquet and Thomas N. Lal and Weston, Jason and Sch\"{o}lkopf, Bernhard},
booktitle = {Advances in Neural Information Processing Systems 16},
pages = {321--328},
year = {2004},
publisher = {MIT Press},
}

@misc{Bache+Lichman:2013,
author = "M. Lichman",
year = "2013",
title = "{UCI} Machine Learning Repository",
url = "http://archive.ics.uci.edu/ml",
institution = "University of California, Irvine, School of Information and Computer Sciences" 
}

@article{ben2006generating,
  title={Generating rules from examples of human multiattribute decision making should be simple},
  author={Ben-David, Arie and Sterling, Leon},
  journal={Expert Systems with Applications},
  volume={31},
  number={2},
  pages={390--396},
  year={2006},
  publisher={Elsevier}
}

@book{storn1995differential,
  title={Differential evolution-a simple and efficient adaptive scheme for global optimization over continuous spaces},
  author={Storn, Rainer and Price, Kenneth},
  volume={3},
  year={1995},
  publisher={ICSI Berkeley}
}

@article{storn1997differential,
  title={Differential evolution--a simple and efficient heuristic for global optimization over continuous spaces},
  author={Storn, Rainer and Price, Kenneth},
  journal={Journal of Global Optimization},
  volume={11},
  number={4},
  pages={341--359},
  year={1997},
  publisher={Springer}
}

@book{price2006differential,
 author = {Price, Kenneth and Storn, Rainer M. and Lampinen, Jouni A.},
 title = {Differential Evolution: A Practical Approach to Global Optimization},
 year = {2005},
 publisher = {Springer-Verlag New York, Inc.},
 address = {Secaucus, NJ, USA},
}

@article{liu2000evolutionary,
  title={Evolutionary pursuit and its application to face recognition},
  author={Liu, Chengjun and Wechsler, Harry},
  journal={Pattern Analysis and Machine Intelligence, IEEE Transactions on},
  volume={22},
  number={6},
  pages={570--582},
  year={2000},
  publisher={IEEE}
} 

@article{liu2003evolutionary,
  title={Evolutionary semi-supervised fuzzy clustering},
  author={Liu, Hong and Huang, Shang-Teng},
  journal={Pattern Recognition Letters},
  volume={24},
  number={16},
  pages={3105--3113},
  year={2003},
  publisher={Elsevier}
}

@article{back1996evolutionary,
  title={Evolutionary algorithms in theory and practice},
  author={B{\"a}ck, Thomas},
  year={1996},
  publisher={Oxford university press}
}

@article{tang2005linear,
  title = "Linear dimensionality reduction using relevance weighted {LDA}",
  author={Tang, E Ke and Suganthan, Ponnuthurai N and Yao, Xin and Qin, A Kai},
  journal={Pattern Recognition},
  volume={38},
  number={4},
  pages={485--493},
  year={2005},
  publisher={Elsevier}
}

@article{liu2000ensemble,
  title={Evolutionary ensembles with negative correlation learning},
  author={Liu, Yong and Yao, Xin and Higuchi, Tetsuya},
  journal={IEEE Transactions on Evolutionary Computation},
  volume={4},
  number={4},
  pages={380--387},
  year={2000},
  publisher={IEEE}
}

@book{潘正君1998演化计算,
  title={演化计算},
  author={潘正君 and 康立山 and 陈毓屏 and others},
  volume={1},
  number={9},
  year={1998},
  publisher={清华大学出版社}
}














